% Maslow

% Dash Documentation & User Guide | Plotly

@misc{plotly_dash_plotly_com,
    author = {{Plotly}},
    title = {Dash Documentation & User Guide | Plotly},
    howpublished = {Online. Available from: \url{https://dash.plotly.com/}},
    year = {2025},
    note = {[cit. 2025-01-04]},
}

% snehilvj/dash-mantine-components: Plotly Dash components based on Mantine React Components

@misc{sv_snehilvj_dash_mantine_components,
    author = {{Snehil Vijay}},
    title = {snehilvj/dash-mantine-components: Plotly Dash components based on Mantine React Components},
    howpublished = {Online. Available from: \url{https://github.com/snehilvj/dash-mantine-components}},
    year = {2025},
    note = {[cit. 2025-01-04]},
}

% PostgreSQL 17.2 Documentation - postgresql-17-A4.pdf

@misc{tpgdg_17_postgresql_17_a4_pdf,
    author = {{The PostgreSQL Global Development Group}},
    title = {PostgreSQL 17.2 Documentation - postgresql-17-A4.pdf},
    howpublished = {Online. Available from: \url{https://www.postgresql.org/files/documentation/pdf/17/postgresql-17-A4.pdf}},
    year = {2025},
    note = {[cit. 2025-01-04]},
}

% Why festivals are switching to cashless payments: six reasons

@misc{bl_en_waarom_festivals_overstappen_op_cashless_betalen,
    author = {{Bas Leunissen}},
    title = {Why festivals are switching to cashless payments: six reasons},
    howpublished = {Online. Available from: \url{https://www.tactile.events/en/waarom-festivals-overstappen-op-cashless-betalen}},
    year = {2025},
    note = {[cit. 2025-01-04]},
}

% Seamless payment is no longer the music of future

@misc{nfctron_en_company,
    author = {{NFCtron}},
    title = {Seamless payment is no longer the music of future},
    howpublished = {Online. Available from: \url{https://www.nfctron.com/en/company}},
    year = {2025},
    note = {[cit. 2025-01-04]},
}

% What Are the Top Data Anonymization Techniques?

@misc{hd_data_anonymization_techniques,
    author = {{Heather Devane}},
    title = {What Are the Top Data Anonymization Techniques?},
    howpublished = {Online. Available from: \url{https://www.immuta.com/blog/data-anonymization-techniques/}},
    year = {2025},
    note = {[cit. 2025-01-04]},
}

% Overview of the KDD Process

@misc{uord_kdd_1_kdd,
    author = {{University of Regina DBD}},
    title = {Overview of the KDD Process},
    howpublished = {Online. Available from: \url{https://www2.cs.uregina.ca/~dbd/cs831/notes/kdd/1_kdd.html}},
    year = {2025},
    note = {[cit. 2025-01-04]},
}
