% sbk website
@misc{spbk_czech_profil_karty,
    author = {{Sdružení pro bankovní karty}},
    title = {sbk website},
    howpublished = {Online. Available from: \url{https://www.bankovnikarty.cz/pages/czech/profil_karty.html}},
    year = {2024},
    note = {[cit. 2024-12-31]},
}

% What are card schemes and how do they work? A guide for small businesses
@misc{jc_what_are_card_schemes_and_how_do_they_work,
    author = {{John Clark}},
    title = {What are card schemes and how do they work? A guide for small businesses},
    howpublished = {Online. Available from: \url{https://www.takepayments.com/blog/online-and-tech/what-are-card-schemes-and-how-do-they-work/}},
    year = {2024},
    note = {[cit. 2024-12-31]},
}

% Background Callbacks | Dash for Python Documentation | Plotly
@misc{plotly_dash_plotly_com_background_callbacks,
    author = {{Plotly}},
    title = {Background Callbacks | Dash for Python Documentation | Plotly},
    howpublished = {Online. Available from: \url{https://dash.plotly.com/background-callbacks}},
    year = {2024},
    note = {[cit. 2024-12-31]},
}

% Dash Documentation & User Guide | Plotly
@misc{plotly_dash_plotly_com,
    author = {{Plotly}},
    title = {Dash Documentation & User Guide | Plotly},
    howpublished = {Online. Available from: \url{https://dash.plotly.com/}},
    year = {2024},
    note = {[cit. 2024-12-31]},
}

% getting-started introduction
@misc{celery_getting_started_introduction,
    author = {{Celery}},
    title = {getting-started introduction},
    howpublished = {Online. Available from: \url{https://docs.celeryq.dev/en/stable/getting-started/introduction.html}},
    year = {2024},
    note = {[cit. 2024-12-31]},
}

% Docs
@misc{redis_latest,
    author = {{Redis}},
    title = {Docs},
    howpublished = {Online. Available from: \url{https://redis.io/docs/latest/}},
    year = {2024},
    note = {[cit. 2024-12-31]},
}

% DiskCache: Disk Backed Cache — DiskCache 5.6.1 documentation
@misc{gj_diskcache,
    author = {{Grant Jenks}},
    title = {DiskCache: Disk Backed Cache — DiskCache 5.6.1 documentation},
    howpublished = {Online. Available from: \url{https://grantjenks.com/docs/diskcache/}},
    year = {2024},
    note = {[cit. 2024-12-31]},
}

% Celery and Redis: Combining Caching with Task Queuing
@misc{reintech_blog_combining_celery_redis_caching_task_queuing,
    author = {{Reintech}},
    title = {Celery and Redis: Combining Caching with Task Queuing},
    howpublished = {Online. Available from: \url{https://reintech.io/blog/combining-celery-redis-caching-task-queuing}},
    year = {2024},
    note = {[cit. 2024-12-31]},
}

% snehilvj/dash-mantine-components: Plotly Dash components based on Mantine React Components
@misc{sv_snehilvj_dash_mantine_components,
    author = {{Snehil Vijay}},
    title = {snehilvj/dash-mantine-components: Plotly Dash components based on Mantine React Components},
    howpublished = {Online. Available from: \url{https://github.com/snehilvj/dash-mantine-components}},
    year = {2024},
    note = {[cit. 2024-12-31]},
}

% PostgreSQL 17.2 Documentation - postgresql-17-A4.pdf
@misc{tpgdg_17_postgresql_17_a4_pdf,
    author = {{The PostgreSQL Global Development Group}},
    title = {PostgreSQL 17.2 Documentation - postgresql-17-A4.pdf},
    howpublished = {Online. Available from: \url{https://www.postgresql.org/files/documentation/pdf/17/postgresql-17-A4.pdf}},
    year = {2024},
    note = {[cit. 2024-12-31]},
}

% JavaScript Asynchronous Programming and Callbacks
@misc{node.js_asynchronous_work_javascript_asynchronous_programming_and_callbacks,
    author = {{Node.js}},
    title = {JavaScript Asynchronous Programming and Callbacks},
    howpublished = {Online. Available from: \url{https://nodejs.org/en/learn/asynchronous-work/javascript-asynchronous-programming-and-callbacks}},
    year = {2024},
    note = {[cit. 2024-12-31]},
}

% Workers Guide — Celery 5.4.0 documentation
@misc{celery_userguide_workers,
    author = {{Celery}},
    title = {Workers Guide — Celery 5.4.0 documentation},
    howpublished = {Online. Available from: \url{https://docs.celeryq.dev/en/v5.4.0/userguide/workers.html}},
    year = {2024},
    note = {[cit. 2024-12-31]},
}

% asyncio — Asynchronous I/O — Python 3.13.1 documentation
@misc{psf_library_asyncio,
    author = {{Python Software Foundation}},
    title = {asyncio — Asynchronous I/O — Python 3.13.1 documentation},
    howpublished = {Online. Available from: \url{https://docs.python.org/3/library/asyncio.html}},
    year = {2024},
    note = {[cit. 2024-12-31]},
}

% PostgreSQL: Documentation: 17: 39.3. Materialized Views
@misc{tpgdg_current_rules_materializedviews,
    author = {{The PostgreSQL Global Development Group}},
    title = {PostgreSQL: Documentation: 17: 39.3. Materialized Views},
    howpublished = {Online. Available from: \url{https://www.postgresql.org/docs/current/rules-materializedviews.html}},
    year = {2024},
    note = {[cit. 2024-12-31]},
}

% Why festivals are switching to cashless payments: six reasons
@misc{bl_en_waarom_festivals_overstappen_op_cashless_betalen,
    author = {{Bas Leunissen}},
    title = {Why festivals are switching to cashless payments: six reasons},
    howpublished = {Online. Available from: \url{https://www.tactile.events/en/waarom-festivals-overstappen-op-cashless-betalen}},
    year = {2024},
    note = {[cit. 2024-12-31]},
}

% Seamless payment is no longer the music of future
@misc{nfctron_en_company,
    author = {{NFCtron}},
    title = {Seamless payment is no longer the music of future},
    howpublished = {Online. Available from: \url{https://www.nfctron.com/en/company}},
    year = {2024},
    note = {[cit. 2024-12-31]},
}

% Seamless Festival Payments Arrive in Austria with NFCtron - NFCtron
@misc{nfctron_blog_nfctron_austria_events_festivals_september_visitors_payments,
    author = {{NFCtron}},
    title = {Seamless Festival Payments Arrive in Austria with NFCtron - NFCtron},
    howpublished = {Online. Available from: \url{https://www.nfctron.com/en/blog/nfctron-austria-events-festivals-september-visitors-payments}},
    year = {2024},
    note = {[cit. 2024-12-31]},
}

% At the NFCtron Keynote 2023, we presented novelties for the 2023 season as well as the Nebula and Nautilus projects - NFCtron
@misc{nfctron_blog_nfctron_keynote_mastercard_cashless_event,
    author = {{NFCtron}},
    title = {At the NFCtron Keynote 2023, we presented novelties for the 2023 season as well as the Nebula and Nautilus projects - NFCtron},
    howpublished = {Online. Available from: \url{https://www.nfctron.com/en/blog/nfctron-keynote-mastercard-cashless-event}},
    year = {2023},
    note = {[cit. 2024-12-31]},
}

% About us - NFCtron
@misc{nfctron_en_about_us,
    author = {{NFCtron}},
    title = {About us - NFCtron},
    howpublished = {Online. Available from: \url{https://www.nfctron.com/en/about-us}},
    year = {2024},
    note = {[cit. 2024-12-31]},
}

% PostGIS
@misc{postgis_postgis_net,
    author = {{PostGIS}},
    title = {PostGIS},
    howpublished = {Online. Available from: \url{https://postgis.net/}},
    year = {2024},
    note = {[cit. 2024-12-31]},
}

% What Are the Top Data Anonymization Techniques?
@misc{hd_data_anonymization_techniques,
    author = {{Heather Devane}},
    title = {What Are the Top Data Anonymization Techniques?},
    howpublished = {Online. Available from: \url{https://www.immuta.com/blog/data-anonymization-techniques/}},
    year = {2024},
    note = {[cit. 2024-12-31]},
}

% Overview of the KDD Process
@misc{uord_kdd_1_kdd,
    author = {{University of Regina DBD}},
    title = {Overview of the KDD Process},
    howpublished = {Online. Available from: \url{https://www2.cs.uregina.ca/~dbd/cs831/notes/kdd/1_kdd.html}},
    year = {2024},
    note = {[cit. 2024-12-31]},
}

% NFCtron Hub
@misc{nfctron_hub_nfctron_com,
    author = {{NFCtron}},
    title = {NFCtron Hub},
    howpublished = {Online. Available from: \url{https://hub.nfctron.com/}},
    year = {2024},
    note = {[cit. 2024-12-31]},
}

